
  <marc:record>
    <marc:leader>00605cam  22002054a 4500</marc:leader>
    <marc:controlfield tag="001">fol05843555 </marc:controlfield>
    <marc:controlfield tag="003">IMchF</marc:controlfield>
    <marc:controlfield tag="005">20000525142739.0</marc:controlfield>
    <marc:controlfield tag="008">000318s1999    cau      b    001 0 eng  </marc:controlfield>
    <marc:datafield tag="010" ind1=" " ind2=" ">
      <marc:subfield code="a">   00501349 </marc:subfield>
    </marc:datafield>
    <marc:datafield tag="040" ind1=" " ind2=" ">
      <marc:subfield code="a">DLC</marc:subfield>
      <marc:subfield code="c">DLC</marc:subfield>
      <marc:subfield code="d">DLC</marc:subfield>
    </marc:datafield>
    <marc:datafield tag="042" ind1=" " ind2=" ">
      <marc:subfield code="a">pcc</marc:subfield>
    </marc:datafield>
    <marc:datafield tag="050" ind1="0" ind2="0">
      <marc:subfield code="a">QA76.73.P22</marc:subfield>
      <marc:subfield code="b">B763 1999</marc:subfield>
    </marc:datafield>
    <marc:datafield tag="082" ind1="0" ind2="0">
      <marc:subfield code="a">005.13/3</marc:subfield>
      <marc:subfield code="2">21</marc:subfield>
    </marc:datafield>
    <marc:datafield tag="100" ind1="1" ind2=" ">
      <marc:subfield code="a">Brown, Martin C.</marc:subfield>
    </marc:datafield>
    <marc:datafield tag="245" ind1="1" ind2="0">
      <marc:subfield code="a">Perl :</marc:subfield>
      <marc:subfield code="b">programmer's reference /</marc:subfield>
      <marc:subfield code="c">Martin C. Brown.</marc:subfield>
    </marc:datafield>
    <marc:datafield tag="260" ind1=" " ind2=" ">
      <marc:subfield code="a">Berkeley :</marc:subfield>
      <marc:subfield code="b">Osborne/McGraw-Hill,</marc:subfield>
      <marc:subfield code="c">c1999.</marc:subfield>
    </marc:datafield>
    <marc:datafield tag="300" ind1=" " ind2=" ">
      <marc:subfield code="a">xix, 380 p. ;</marc:subfield>
      <marc:subfield code="c">22 cm.</marc:subfield>
    </marc:datafield>
    <marc:datafield tag="504" ind1=" " ind2=" ">
      <marc:subfield code="a">Includes bibliographical references and index.</marc:subfield>
    </marc:datafield>
    <marc:datafield tag="650" ind1=" " ind2="0">
      <marc:subfield code="a">Perl (Computer program language)</marc:subfield>
    </marc:datafield>
  </marc:record>