
  <marc:record>
    <marc:leader>00665nam  22002298a 4500</marc:leader>
    <marc:controlfield tag="001">fol05865950 </marc:controlfield>
    <marc:controlfield tag="003">IMchF</marc:controlfield>
    <marc:controlfield tag="005">20000615103017.0</marc:controlfield>
    <marc:controlfield tag="008">000612s2000    mau           100 0 eng  </marc:controlfield>
    <marc:datafield tag="010" ind1=" " ind2=" ">
      <marc:subfield code="a">   00055759 </marc:subfield>
    </marc:datafield>
    <marc:datafield tag="020" ind1=" " ind2=" ">
      <marc:subfield code="a">0596000138</marc:subfield>
    </marc:datafield>
    <marc:datafield tag="040" ind1=" " ind2=" ">
      <marc:subfield code="a">DLC</marc:subfield>
      <marc:subfield code="c">DLC</marc:subfield>
    </marc:datafield>
    <marc:datafield tag="042" ind1=" " ind2=" ">
      <marc:subfield code="a">pcc</marc:subfield>
    </marc:datafield>
    <marc:datafield tag="050" ind1="0" ind2="0">
      <marc:subfield code="a">QA76.73.P22</marc:subfield>
      <marc:subfield code="b">P475 2000</marc:subfield>
    </marc:datafield>
    <marc:datafield tag="082" ind1="0" ind2="0">
      <marc:subfield code="a">005.13/3</marc:subfield>
      <marc:subfield code="2">21</marc:subfield>
    </marc:datafield>
    <marc:datafield tag="111" ind1="2" ind2=" ">
      <marc:subfield code="a">Perl Conference 4.0</marc:subfield>
      <marc:subfield code="d">(2000 :</marc:subfield>
      <marc:subfield code="c">Monterey, Calif.)</marc:subfield>
    </marc:datafield>
    <marc:datafield tag="245" ind1="1" ind2="0">
      <marc:subfield code="a">Proceedings of the Perl Conference 4.0 :</marc:subfield>
      <marc:subfield code="b">July 17-20, 2000, Monterey, California.</marc:subfield>
    </marc:datafield>
    <marc:datafield tag="250" ind1=" " ind2=" ">
      <marc:subfield code="a">1st ed.</marc:subfield>
    </marc:datafield>
    <marc:datafield tag="260" ind1=" " ind2=" ">
      <marc:subfield code="a">Cambridge, Mass. :</marc:subfield>
      <marc:subfield code="b">O'Reilly,</marc:subfield>
      <marc:subfield code="c">2000.</marc:subfield>
    </marc:datafield>
    <marc:datafield tag="263" ind1=" " ind2=" ">
      <marc:subfield code="a">0006</marc:subfield>
    </marc:datafield>
    <marc:datafield tag="300" ind1=" " ind2=" ">
      <marc:subfield code="a">p. cm.</marc:subfield>
    </marc:datafield>
    <marc:datafield tag="650" ind1=" " ind2="0">
      <marc:subfield code="a">Perl (Computer program language)</marc:subfield>
      <marc:subfield code="v">Congresses.</marc:subfield>
    </marc:datafield>
  </marc:record>