
  <marc:record>
    <marc:leader>00603cam  22002054a 4500</marc:leader>
    <marc:controlfield tag="001">fol05872355 </marc:controlfield>
    <marc:controlfield tag="003">IMchF</marc:controlfield>
    <marc:controlfield tag="005">20000706095105.0</marc:controlfield>
    <marc:controlfield tag="008">000315s1999    njua          001 0 eng  </marc:controlfield>
    <marc:datafield tag="010" ind1=" " ind2=" ">
      <marc:subfield code="a">   00500678 </marc:subfield>
    </marc:datafield>
    <marc:datafield tag="020" ind1=" " ind2=" ">
      <marc:subfield code="a">013020868X</marc:subfield>
    </marc:datafield>
    <marc:datafield tag="040" ind1=" " ind2=" ">
      <marc:subfield code="a">DLC</marc:subfield>
      <marc:subfield code="c">DLC</marc:subfield>
      <marc:subfield code="d">DLC</marc:subfield>
    </marc:datafield>
    <marc:datafield tag="042" ind1=" " ind2=" ">
      <marc:subfield code="a">pcc</marc:subfield>
    </marc:datafield>
    <marc:datafield tag="050" ind1="0" ind2="0">
      <marc:subfield code="a">QA76.73.P22</marc:subfield>
      <marc:subfield code="b">L69 1999</marc:subfield>
    </marc:datafield>
    <marc:datafield tag="082" ind1="0" ind2="0">
      <marc:subfield code="a">005.13/3</marc:subfield>
      <marc:subfield code="2">21</marc:subfield>
    </marc:datafield>
    <marc:datafield tag="100" ind1="1" ind2=" ">
      <marc:subfield code="a">Lowe, Vincent</marc:subfield>
      <marc:subfield code="q">(Vincent D.)</marc:subfield>
    </marc:datafield>
    <marc:datafield tag="245" ind1="1" ind2="0">
      <marc:subfield code="a">Perl programmer's interactive workbook /</marc:subfield>
      <marc:subfield code="c">Vincent Lowe.</marc:subfield>
    </marc:datafield>
    <marc:datafield tag="260" ind1=" " ind2=" ">
      <marc:subfield code="a">Upper Saddle River, NJ :</marc:subfield>
      <marc:subfield code="b">Prentice Hall PTP,</marc:subfield>
      <marc:subfield code="c">c1999.</marc:subfield>
    </marc:datafield>
    <marc:datafield tag="300" ind1=" " ind2=" ">
      <marc:subfield code="a">xx, 633 p. :</marc:subfield>
      <marc:subfield code="b">ill. ;</marc:subfield>
      <marc:subfield code="c">23 cm.</marc:subfield>
    </marc:datafield>
    <marc:datafield tag="650" ind1=" " ind2="0">
      <marc:subfield code="a">Perl (Computer program language)</marc:subfield>
    </marc:datafield>
  </marc:record>